<?xml version="1.0" encoding="UTF-8"?><collection xmlns="http://www.loc.gov/MARC21/slim"><record><leader>00442nam--2200121-i-4500</leader><controlfield tag="001">000043341</controlfield><controlfield tag="002">20161230</controlfield><controlfield tag="005">20161230201044</controlfield><controlfield tag="008">060222s1000------------r-----000-0-eng-d</controlfield><datafield ind1=" " ind2=" " tag="245"><subfield code="a">Symposium on microscopy. presented at the 62 annual meeting american soc.for testing materials, atlantic city,n.j.,june 25-26, 1959. 165 p</subfield></datafield><datafield ind1=" " ind2=" " tag="260"><subfield code="a">Philadelphia, Am.Soc.For Testing Materials, 1959. 165 P</subfield></datafield><datafield ind1=" " ind2=" " tag="490"><subfield code="a">Astm Special Technical Publ</subfield></datafield><datafield ind1=" " ind2=" " tag="852"><subfield code="a">14266</subfield></datafield></record></collection>